% Encoding: UTF-8

@techreport{kline2019leave,
  title={Leave-out estimation of variance components},
  author={Kline, Patrick and Saggio, Raffaele and S{\o}lvsten, Mikkel},
  year={2019},
  institution={National Bureau of Economic Research}
}
@Comment{jabref-meta: databaseType:bibtex;}
